@article{Dirac1953888,
	title   = "The lorentz transformation and absolute time",
	journal = "Physica ",
	volume  = "19",
	number  = "1-–12",
	pages   = "888--896",
	year    = "1953",
	doi     = "10.1016/S0031-8914(53)80099-6",
	author  = "P.A.M. Dirac"
}

@article{Feynman1963118,
title   = "The theory of a general quantum system interacting with a linear dissipative system",
journal = "Annals of Physics ",
volume  = "24",
pages   = "118--173",
year    = "1963",
doi     = "10.1016/0003-4916(63)90068-X",
author  = "R.P Feynman and F.L {Vernon Jr.}"
}

@inproceedings{2018Nerve,
	title="Nerve Segmentation in Ultrasound Images",
	author=" Vashishtha, V.  and  Aju, D. ",
	booktitle="IEEE Conference on Innovations in Power and Advanced Computing Technologies",
	year="2018",
	pages={1--5},
}

@article{xue2021global,
	title="Global guidance network for breast lesion segmentation in ultrasound images",
	author="Xue, Cheng and Zhu, Lei and Fu, Huazhu and Hu, Xiaowei and Li, Xiaomeng and Zhang, Hai and Heng, Pheng-Ann",
	journal="Medical Image Analysis",
	volume="70",
	pages="1-12",
	year="2021",
}

@article{Bozidear2002Automated,
	title="Automated analysis of a sequence of ovarian ultrasound images. Part I: segmentation of single 2D images",
	author ="Bozidear and Potocnik and  Zhauzla, Damjan ",
	journal="Image \& Vision Computing",
	volume="20",
	number="3",
	pages="217-225",
	year="2002",
}

@article{ludeep2021,
	title="Deep fuzzy hashing network for efficient image retrieval",
	author ="Huimin Lu and Ming Zhang and Xing Xu and Yujie Li and Heng Tao Shen",
	journal="IEEE Trsanctions on Fuzzy Systems",
	volume="29",
	number="1",
	pages="166-176",
	year="2021",
}

@article{lubrain2018,
	title="Brain intelligence: go beyond artificial intelligence",
	author ="Huimin Lu and Yujie Li and Min Chen and Hyoungseop Kim and Seiichi Serikawa",
	journal="Mobile Networks and Applications",
	volume="22",
	number="3",
	pages="368-378",
	year="2018",
}

@inproceedings{HF2015Peripheral,
	title={Peripheral Nerve Segmentation Using Speckle Removal and Bayesian Shape Models},
	author={HF García and  Giraldo, J. J.  and MA Álvarez and Álvaro A. Orozco and  Salazar, D. },
	booktitle={Iberian Conference on Pattern Recognition and Image Analysis},
	pages={387--394},
	year={2015},
}

@inproceedings{2015U,
	title={U-Net: Convolutional Networks for Biomedical Image Segmentation},
	author={Ronneberger, Olaf and Fischer, Philipp and Brox, Thomas},
	booktitle={International Conference on Medical Image Computing and Computer-assisted Intervention},
	pages={234--241},
	year={2015},

}

@inproceedings{2019Deep,
	title={Deep Learning for Semantic Segmentation of Brachial Plexus Nervesin Ultrasound Images Using U-Net and M-Net},
	author={ Abraham, N.  and  Illanko, K.  and  Khan, N.  and  Androutsos, D. },
	booktitle={IEEE International Conference on Imaging, Signal Processing and Communication},
	year={2019},
	pages={85--89},
}

@inproceedings{2019Ultrasound,
	title={Ultrasound Nerve Segmentation of Brachial Plexus Based on Optimized ResU-Net},
	author={ Wang, R.  and  Shen, H.  and  Zhou, M. },
	booktitle={IEEE International Conference on Imaging Systems and Techniques},
	year={2019},
	pages={1--6},
}

@inproceedings{wen2016learning,
  title={Learning structured sparsity in deep neural networks},
  author={W. Wen and C. P. Wu and Y. D. Wang and Y. R. Chen and H. Li},
  booktitle={Advances in neural information processing systems},
  pages={2074--2082},
  year={2016}
}

@inproceedings{li2018constrained,
  title={Constrained optimization based low-rank approximation of deep neural networks},
  author={C. Li and C. J. Richard},
  booktitle={European Conference on Computer Vision},
  pages={732--747},
  year={2018}
}

@inproceedings{liu2019structured,
	title={Structured Knowledge Distillation for Semantic Segmentation},
	author={Liu, Yifan  and  Chen, Ke  and  Liu, Chris  and  Qin, Zengchang  and  Wang, Jingdong},
	booktitle={IEEE/CVF Conference on Computer Vision and Pattern Recognition },
	pages={2604--2613},
	year={2019}
}

@article{200124p,
	title={Whether 24P becomes a global image exchange format},
	author={Milan, Krsljanin and Nan, Bofang},
	journal={Motion Picture and Video Technology},
	volume={44},
	number={1},
	pages={34--39},
	year={2001},
}

@article{2020widesegnext,
	title={WideSegNeXt: semantic image segmentation using wide residual network and NeXt dilated unit},
	author={Nakayama, Yoshiki and Lu, Huimin and Li, Yujie and Kamiya, Tohru},
	journal={IEEE Sensors Journal},
	volume={21},
	number={10},
	pages={11427--11434},
	year={2020}
}

@article{nan2019deep,
	title={Deep model compression for mobile platforms: A survey},
	author={Nan, Kaiming and Liu, Sicong and Du, Junzhao and Liu, Hui},
	journal={Tsinghua Science and Technology},
	volume={24},
	number={6},
	pages={677--693},
	year={2019}
}

@article{aneja2019real,
  title={Real-time lip sync for live 2d animation},
  author={Aneja, Deepali and Li, Wilmot},
  journal={arXiv preprint arXiv:1910.08685},
  year={2019}
}

@article{yo2021wide,
	title={WideSegNeXt: Semantic Image Segmentation Using Wide Residual Network and NeXt Dilated Unit},
	author={Yoshiki, Nakayama and Huimin, Lu and Yujie, Li and Tohru, Kamiya},
	journal={IEEE Sensors Journal},
	volume={21},
	number={10},
	pages={677--693},
	year={2021}
}

@article{sun2020image,
	title={Image Segmentation with Language Referring Expression and Comprehension},
	author={Jiaxing, Sun and Yujie, Li and Jintong, Cai and Huimin, Lu and Seiichi, Serikawa},
	journal={IEEE Sensors Journal},
	pages={1--8},
	year={2020}
}

@article{qin2021eff,
	title={Efficient Medical Image Segmentation Based on Knowledge Distillation},
	author={Dian, Qin and Jia-Jun, Bu and Zhe, Liu and Xin, Shen and Sheng, Zhou and Jing-Jun Gu and Zhi-Hua, Wang and Lei, Wu and Hui-Fen, Da},
	journal={IEEE Transactions on Medical Imaging},
	volume={40},
	number={12},
	pages={3820--160761},
	year={2021}
}

@article{ho2020utilize,
	title={Utilizing knowledge distillation in deep learning for classification of chest X-ray abnormalities},
	author={T. K. K. Ho and J. Gwak},
	journal={IEEE Access},
	volume={8},
	pages={160749--160761},
	year={2020}
}

@article{jha2021real,
	title={Real-time polyp detection, localization and segmentation in colonoscopy using deep learning},
	author={D. Jha and S. Ali and N. K. Tomar and H. D. Johansen and D. Johansen and J. Rittscher and M. A. Riegler and P. Halvorsen},
	journal={IEEE Access},
	volume={9},
	pages={40496--40510},
	year={2021}
}

@inproceedings{wu2016quantized,
	title={Quantized convolutional neural networks for mobile devices},
	author={Wu, Jiaxiang and Leng, Cong and Wang, Yuhang and Hu, Qinghao and Cheng, Jian},
	booktitle={IEEE Conference on Computer Vision and Pattern Recognition},
	pages={4820--4828},
	year={2016}
}

@article{2020DeepNerve,
	title={DeepNerve: A New Convolutional Neural Network for the Localization and Segmentation of the Median Nerve in Ultrasound Image Sequences},
	author={ Horng, M. H.  and  Yang, C. W.  and  Sun, Y. N.  and  Yang, T. H. },
	journal={Ultrasound in Medicine \& Biology},
	volume={46},
	number={9},
	year={2020},
	pages={2439--2452},
}

@article{2020Low,
	title={Low-Memory CNNs Enabling Real-Time Ultrasound Segmentation Towards Mobile Deployment},
	author={ Vaze, S.  and  Xie, W.  and  Namburete, Ail },
	journal={IEEE Journal of Biomedical and Health Informatics},
	volume={24},
	number={4},
	pages={1059-1069},
	year={2020},
}

@article{2018Joint,
	title={Joint Optic Disc and Cup Segmentation Based on Multi-label Deep Network and Polar Transformation},
	author={ Fu, H.  and  Cheng, J.  and  Xu, Y.  and  Wong, Dwk  and  Liu, J.  and  Cao, X. },
	journal={IEEE Transactions on Medical Imaging},
	volume={37},
	number={7},
	pages={1597-1605},
	year={2018},
}

@article{2020UNet,
	title={UNet++: Redesigning Skip Connections to Exploit Multiscale Features in Image Segmentation},
	author={ Zhou, Z.  and  Siddiquee, Mmr  and  Tajbakhsh, N.  and  Liang, J. },
	journal={IEEE Transactions on Medical Imaging},
	volume={39},
	number={6},
	pages={1856-1867},
	year={2020},
}

@inproceedings{2019EfficientNet,
	title={Efficientnet: Rethinking model scaling for convolutional neural networks},
	author={Tan, Mingxing and Le, Quoc},
	booktitle={International Conference on Machine Learning},
	pages={6105--6114},
	year={2019},

}

@inproceedings{2018MobileNetV2,
	title={MobileNetV2: Inverted Residuals and Linear Bottlenecks},
	author={ Sandler, M.  and  Howard, A.  and  Zhu, M.  and  Zhmoginov, A.  and  Chen, L. C. },
	booktitle={IEEE/CVF Conference on Computer Vision and Pattern Recognition},
	year={2018},
	pages={4510--4520}
}

@article{2017Squeeze,
	title={Squeeze-and-Excitation Networks},
	author={ Jie, H.  and  Li, S.  and  Gang, S.  and  Albanie, S. },
	journal={IEEE Transactions on Pattern Analysis and Machine Intelligence},
	volume={42},
	number={8},
	year={2020},
	pages={2011-2023}
}

@inproceedings{2016V,
	title={V-Net: Fully Convolutional Neural Networks for Volumetric Medical Image Segmentation},
	author={Milletari, Fausto and Navab, Nassir and Ahmadi, Seyed-Ahmad},
	booktitle={IEEE International Conference on 3D Vision},
	pages={565--571},
	year={2016},
}

@article{2017Focal,
	title={Focal Loss for Dense Object Detection},
	author={ Lin, T. Y.  and  Goyal, P.  and  Girshick, R.  and  He, K.  and P Dollár},
	journal={IEEE Transactions on Pattern Analysis and Machine Intelligence},
	volume={42},
	number={2},
	pages={318-327},
	year={2020},
}

@article{chen2021transunet,
	title = {TransUNet: Transformers Make Strong Encoders for Medical Image Segmentation},
	author={Chen, Jieneng and Lu, Yongyi and Yu, Qihang and Luo, Xiangde and Adeli, Ehsan and Wang, Yan and Lu, Le and Yuille, Alan L and Zhou, Yuyin},
	journal={arXiv preprint arXiv:2102.04306,2020},
	year={2021}
}

@article{Kaggle,
	title={Kaggle competitions, ultrasound nerve segmentation},
	year={2016},
	note={[Online]. Available: https://www.kaggle.com/c/ultrasound-nerve-segmentation}
}

@article{2019Dataset,
	title={Dataset of Breast Ultrasound Images},
	author={ Al-Dhabyani, W.  and  Gomaa, M.  and  Khaled, H.  and  Fahmy, A. },
	journal={Data in Brief},
	volume={28},
	pages={1-5},
	year={2019},
	note={[Online]. Available: https://scholar.cu.edu.eg/?q=afahmy/pages/dataset}
}

@article{2018Automated,
	title={Automated measurement of fetal head circumference using 2D ultrasound images},
	author={ Van, Dhtla  and  Dagmar, D. B.  and  De, Kcl  and  Van, G. B.  and  Carlos, Rac },
	journal={PLoS ONE},
	volume={13},
	number={8},
	pages={1-20},
	year={2018},
	note={[Online]. Available: https://hc18.grand-challenge.org/}
}

@inproceedings{marques2019segmentation,
	title={Segmentation of gynaecological ultrasound images using different U-Net based approaches},
	author={Marques, S{\'o}nia and Carvalho, Catarina and Peixoto, Carla and Pignatelli, Duarte and Beires, Jorge and Silva, Jorge and Campilho, Aur{\'e}lio},
	booktitle={IEEE International Ultrasonics Symposium},
	pages={1485--1488},
	year={2019},

}

@inproceedings{nandamuri2019sumnet,
	title={Sumnet: Fully convolutional model for fast segmentation of anatomical structures in ultrasound volumes},
	author={Nandamuri, Sumanth and China, Debarghya and Mitra, Pabitra and Sheet, Debdoot},
	booktitle={IEEE International Symposium on Biomedical Imaging},
	pages={1729--1732},
	year={2019},

}

@article{badrinarayanan2017segnet,
	title={Segnet: A deep convolutional encoder-decoder architecture for image segmentation},
	author={Badrinarayanan, Vijay and Kendall, Alex and Cipolla, Roberto},
	journal={IEEE Transactions on Pattern Analysis and Machine Intelligence},
	volume={39},
	number={12},
	pages={2481--2495},
	year={2017},

}

@inproceedings{wu2019cascaded,
	title={Cascaded fully convolutional DenseNet for automatic kidney segmentation in ultrasound images},
	author={Wu, Zhiwei and Hai, Jinjin and Zhang, Lijie and Chen, Jian and Cheng, Genyang and Yan, Bin},
	booktitle={IEEE International Conference on Artificial Intelligence and Big Data},
	pages={384--388},
	year={2019},

}

@inproceedings{huang2017densely,
	title={Densely connected convolutional networks},
	author={Huang, Gao and Liu, Zhuang and Van Der Maaten, Laurens and Weinberger, Kilian Q},
	booktitle={IEEE Conference on Computer Vision and Pattern Recognition},
	pages={4700--4708},
	year={2017}
}

@inproceedings{wu2017cascaded,
	title={Cascaded fully convolutional networks for automatic prenatal ultrasound image segmentation},
	author={Wu, Lingyun and Xin, Yang and Li, Shengli and Wang, Tianfu and Heng, Pheng-Ann and Ni, Dong},
	booktitle={IEEE International Symposium on Biomedical Imaging},
	pages={663--666},
	year={2017},

}

@inproceedings{long2015fully,
	title={Fully convolutional networks for semantic segmentation},
	author={Long, Jonathan and Shelhamer, Evan and Darrell, Trevor},
	booktitle={IEEE Conference on Computer Vision and Pattern Recognition},
	pages={3431--3440},
	year={2015}
}

@article{tu2009auto,
	title={Auto-context and its application to high-level vision tasks and 3d brain image segmentation},
	author={Tu, Zhuowen and Bai, Xiang},
	journal={IEEE Transactions on Pattern Analysis and Machine Intelligence},
	volume={32},
	number={10},
	pages={1744--1757},
	year={2010},

}

@article{horng2020deepnerve,
	title={Deepnerve: A new convolutional neural network for the localization and segmentation of the median nerve in ultrasound image sequences},
	author={Horng, Ming-Huwi and Yang, Cheng-Wei and Sun, Yung-Nien and Yang, Tai-Hua},
	journal={Ultrasound in Medicine \& Biology},
	volume={46},
	number={9},
	pages={2439--2452},
	year={2020},
	publisher={Elsevier}
}

@article{li2019cr,
	title={Cr-unet: A composite network for ovary and follicle segmentation in ultrasound images},
	author={Li, Haoming and Fang, Jinghui and Liu, Shengfeng and Liang, Xiaowen and Yang, Xin and Mai, Zixin and Van, Manh The and Wang, Tianfu and Chen, Zhiyi and Ni, Dong},
	journal={IEEE Journal of Biomedical and Health Informatics},
	volume={24},
	number={4},
	pages={974--983},
	year={2020},

}

@article{yang2018towards,
	title={Towards automated semantic segmentation in prenatal volumetric ultrasound},
	author={Yang, Xin and Yu, Lequan and Li, Shengli and Wen, Huaxuan and Luo, Dandan and Bian, Cheng and Qin, Jing and Ni, Dong and Heng, Pheng-Ann},
	journal={IEEE Transactions on Medical Imaging},
	volume={38},
	number={1},
	pages={180--193},
	year={2019},

}

@article{hochreiter1997long,
	title={Long short-term memory},
	author={Hochreiter, Sepp and Schmidhuber, J{\"u}rgen},
	journal={Neural Computation},
	volume={9},
	number={8},
	pages={1735--1780},
	year={1997},
	publisher={MIT Press}
}

@inproceedings{woo2018cbam,
	title={Cbam: Convolutional block attention module},
	author={Woo, Sanghyun and Park, Jongchan and Lee, Joon-Young and Kweon, In So},
	booktitle={European Conference on Computer Vision},
	pages={3--19},
	year={2018},
}

@inproceedings{zhu2019empirical,
	title={An empirical study of spatial attention mechanisms in deep networks},
	author={Zhu, Xizhou and Cheng, Dazhi and Zhang, Zheng and Lin, Stephen and Dai, Jifeng},
	booktitle={IEEE/CVF International Conference on Computer Vision},
	pages={6687--6696},
	year={2019},
}

@inproceedings{li2019attentionnet,
	title={AttentionNet: Learning where to focus via attention mechanism for anatomical segmentation of whole breast ultrasound images},
	author={Li, Hang and Cheng, Jie-Zhi and Chou, Yi-Hong and Qin, Jing and Huang, Shan and Lei, Baiying},
	booktitle={IEEE International Symposium on Biomedical Imaging},
	pages={1078--1081},
	year={2019},


}

@inproceedings{ding2019automatic,
	title={Automatic thyroid ultrasound image segmentation based on u-shaped network},
	author={Ding, Jianrui and Huang, Zichen and Shi, Mengdie and Ning, Chunping},
	booktitle={IEEE International Congress on Image and Signal Processing},
	pages={1--5},
	year={2019},

}

@article{wang2019deep,
	title={Deep attentive features for prostate segmentation in 3d transrectal ultrasound},
	author={Wang, Yi and Dou, Haoran and Hu, Xiaowei and Zhu, Lei and Yang, Xin and Xu, Ming and Qin, Jing and Heng, Pheng-Ann and Wang, Tianfu and Ni, Dong},
	journal={IEEE Transactions on Medical Imaging},
	volume={38},
	number={12},
	pages={2768--2778},
	year={2019},

}

@inproceedings{vaswani2017attention,
	title={Attention is all you need},
	author={Vaswani, Ashish and Shazeer, Noam and Parmar, Niki and Uszkoreit, Jakob and Jones, Llion and Gomez, Aidan N and Kaiser, {\L}ukasz and Polosukhin, Illia},
	booktitle={Advances in Neural Information Processing Systems},
	pages={5998--6008},
	year={2017},
}

@article{2015Adam,
	title={Adam: A Method for Stochastic Optimization},
	author={ Kingma, D.  and  Ba, J. },
	journal={arXiv preprint arXiv:1412.6980,2014},
	year={2014}
}

@article{2019Nas-unet,
	title={Nas-unet: Neural architecture search for medical image segmentation},
	author={Weng, Yu and Zhou, Tianbao and Li, Yujie and Qiu, Xiaoyu},
	journal={IEEE Access},
	volume={7},
	pages={44247-44257},
	year={2019}
}

@article{2020fine-tuning,
	title={Fine-Tuning U-Net for Ultrasound Image Segmentation: Different Layers, Different Outcomes},
	author={Amiri, Mina and Brooks, Rupert and Rivaz, Hassan},
	journal={IEEE Transactions on Ultrasonics, Ferroelectrics, and Frequency Control},
	volume={67},
	number={12},
	pages={2510--2518},
	year={2020},
	publisher={IEEE}
}

@article{2020breastmass,
	title={Breast mass segmentation in ultrasound with selective kernel U-Net convolutional neural network},
	author={Byra, Michal and Jarosik, Piotr and Szubert, Aleksandra and Galperin, Michael and Ojeda-Fournier, Haydee and Olson, Linda and O’Boyle, Mary and Comstock, Christopher and Andre, Michael},
	journal={Biomedical Signal Processing and Control},
	volume={61},
	pages={102027},
	year={2020},
	publisher={Elsevier}
}

@article{2020computer-aided,
	title={Computer-aided diagnosis of breast ultrasound images using ensemble learning from convolutional neural networks},
	author={Moon, Woo Kyung and Lee, Yan-Wei and Ke, Hao-Hsiang and Lee, Su Hyun and Huang, Chiun-Sheng and Chang, Ruey-Feng},
	journal={Computer methods and programs in biomedicine},
	volume={190},
	pages={105361},
	year={2020},
	publisher={Elsevier}
}

@inproceedings{wang2019lednet,
	title={Lednet: A lightweight encoder-decoder network for real-time semantic segmentation},
	author={Wang, Yu and Zhou, Quan and Liu, Jia and Xiong, Jian and Gao, Guangwei and Wu, Xiaofu and Latecki, Longin Jan},
	booktitle={International Conference on Image Processing},
	pages={1860--1864},
	year={2019},
	organization={IEEE}
}

@article{zhou2020aglnet,
	title={AGLNet: Towards real-time semantic segmentation of self-driving images via attention-guided lightweight network},
	author={Zhou, Quan and Wang, Yu and Fan, Yawen and Wu, Xiaofu and Zhang, Suofei and Kang, Bin and Latecki, Longin Jan},
	journal={Applied Soft Computing},
	volume={96},
	pages={106682},
	year={2020},
	publisher={Elsevier}
}

@inproceedings{2018non,
	title={Non-local neural networks},
	author={Wang, Xiaolong and Girshick, Ross and Gupta, Abhinav and He, Kaiming},
	booktitle={Computer Vision and Pattern Recognition},
	pages={7794--7803},
	year={2018}
}

@article{2021global,
	title={Global guidance network for breast lesion segmentation in ultrasound images},
	author={Xue, Cheng and Zhu, Lei and Fu, Huazhu and Hu, Xiaowei and Li, Xiaomeng and Zhang, Hai and Heng, Pheng-Ann},
	journal={Medical Image Analysis},
	volume={70},
	pages={101989},
	year={2021},
	publisher={Elsevier}
}

@article{2021swin,
	title={Swin-Unet: Unet-like Pure Transformer for Medical Image Segmentation},
	author={Cao, Hu and Wang, Yueyue and Chen, Joy and Jiang, Dongsheng and Zhang, Xiaopeng and Tian, Qi and Wang, Manning},
	journal={arXiv preprint arXiv:2105.05537},
	year={2021}
}